<?xml version="1.0" encoding="UTF-8"?><collection xmlns="http://www.loc.gov/MARC21/slim"><record><leader>00472nam--2200181-i-4500</leader><controlfield tag="001">000015302</controlfield><controlfield tag="002">20161230</controlfield><controlfield tag="005">20161230201031</controlfield><controlfield tag="008">060222s1000------------r-----000-0-eng-d</controlfield><datafield ind1=" " ind2=" " tag="040"><subfield code="a">IFIN-HH</subfield></datafield><datafield ind1=" " ind2=" " tag="080"><subfield code="a">539.171.112</subfield></datafield><datafield ind1="1" ind2=" " tag="100"><subfield code="a">Berends, F.A</subfield></datafield><datafield ind1="1" ind2="0" tag="245"><subfield code="a">Hard photon effects in w and zo decay</subfield><subfield code="c">F.a. berends, r. kleiss</subfield></datafield><datafield ind1=" " ind2=" " tag="260"><subfield code="a">Leiden</subfield><subfield code="b">Institut-lorentz</subfield><subfield code="c">/F.An</subfield></datafield><datafield ind1=" " ind2=" " tag="300"><subfield code="a">23 P</subfield></datafield><datafield ind1="1" ind2=" " tag="700"><subfield code="a">Kleiss, R</subfield></datafield><datafield ind1=" " ind2=" " tag="852"><subfield code="a">71995</subfield><subfield code="c">539.17</subfield></datafield><datafield ind1=" " ind2=" " tag="CAT"><subfield code="a">Sys</subfield><subfield code="c">20120622</subfield><subfield code="h">131016</subfield></datafield></record></collection>